<record><leader>00000cas a22000007a 4500</leader><controlfield tag="001">14205480</controlfield><controlfield tag="008">860911d19052005inudr ne      0    0eng d</controlfield><datafield ind1=" " ind2=" " tag="010"><subfield code="a">sn 86058767 </subfield></datafield><datafield ind1=" " ind2=" " tag="040"><subfield code="a">NPI</subfield><subfield code="b">eng</subfield><subfield code="c">NPI</subfield><subfield code="d">NPI</subfield><subfield code="d">OCLCQ</subfield><subfield code="d">OCLCF</subfield><subfield code="d">OCLCO</subfield></datafield><datafield ind1="1" ind2=" " tag="029"><subfield code="a">AU@</subfield><subfield code="b">000040181744</subfield></datafield><datafield ind1=" " ind2=" " tag="042"><subfield code="a">msc</subfield></datafield><datafield ind1=" " ind2=" " tag="043"><subfield code="a">n-us-in</subfield></datafield><datafield ind1="0" ind2="0" tag="245"><subfield code="a">Linton daily citizen.</subfield></datafield><datafield ind1=" " ind2=" " tag="260"><subfield code="a">Linton, Ind. :</subfield><subfield code="b">John A. Watkins,</subfield><subfield code="c">-2005.</subfield></datafield><datafield ind1=" " ind2=" " tag="300"><subfield code="a">v. :</subfield><subfield code="b">ill. ;</subfield><subfield code="c">59 cm.</subfield></datafield><datafield ind1=" " ind2=" " tag="310"><subfield code="a">Daily (except Sun. and holidays)</subfield></datafield><datafield ind1="1" ind2=" " tag="362"><subfield code="a">Began in 1905.</subfield></datafield><datafield ind1="0" ind2=" " tag="362"><subfield code="a">-v. 100, no. 254 (Dec. 30, 2005).</subfield></datafield><datafield ind1=" " ind2=" " tag="500"><subfield code="a">Special "Souvenir school edition" published Aug. 24, 1956.</subfield></datafield><datafield ind1=" " ind2=" " tag="588"><subfield code="a">Description based on: Vol. 32, no. 181 (Oct. 6, 1932).</subfield></datafield><datafield ind1=" " ind2="0" tag="651"><subfield code="a">Linton (Ind.)</subfield><subfield code="v">Newspapers.</subfield></datafield><datafield ind1=" " ind2="7" tag="655"><subfield code="a">Newspapers.</subfield><subfield code="2">fast</subfield><subfield code="0">(OCoLC)fst01423814</subfield></datafield><datafield ind1=" " ind2="7" tag="651"><subfield code="a">Indiana</subfield><subfield code="z">Linton.</subfield><subfield code="2">fast</subfield><subfield code="0">(OCoLC)fst01218066</subfield></datafield><datafield ind1=" " ind2=" " tag="752"><subfield code="a">United States</subfield><subfield code="b">Indiana</subfield><subfield code="c">Greene</subfield><subfield code="d">Linton.</subfield></datafield><datafield ind1="0" ind2="7" tag="785"><subfield code="t">Evening world (Bloomfield, Ind.)</subfield><subfield code="w">(DLC)sn 86058740</subfield></datafield><datafield ind1="0" ind2="7" tag="785"><subfield code="t">Daily world (Linton, Ind.)</subfield><subfield code="w">(DLC)sn2006060701</subfield></datafield></record>